@article{mikolov2013,
  title={Efficient Estimation of Word Representations in Vector Space},
  author={Mikolov, Tomas and Chen, Kai and Corrado, Greg and Dean, Jeffrey},
  journal={arXiv preprint arXiv:1301.3781},
  year={2013}
}

@online{wordpress,
  title={WordPress Plugin Handbook},
  url={https://developer.wordpress.org/plugins/},
  urldate={2023-10-01}
}

@online{fastapi,
  title={FastAPI Documentation},
  url={https://fastapi.tiangolo.com/},
  urldate={2023-10-01}
}

@online{leaflet,
  title={Leaflet.js Documentation},
  url={https://leafletjs.com/},
  urldate={2023-10-01}
}

@online{mymemory,
  title={MyMemory API Documentation},
  url={https://mymemory.translated.net/doc/spec.php},
  urldate={2023-10-01}
}